<?xml version="1.0" encoding="UTF-8"?><collection xmlns="http://www.loc.gov/MARC21/slim"><record><leader>00542nam--2200181-u-4500</leader><controlfield tag="001">000054850</controlfield><controlfield tag="002">20161230</controlfield><controlfield tag="005">20161230201051</controlfield><controlfield tag="008">120621s1000------------r-----000-0-fre-d</controlfield><datafield ind1=" " ind2=" " tag="040"><subfield code="a">IFIN-HH</subfield></datafield><datafield ind1=" " ind2=" " tag="041"><subfield code="a">fre</subfield></datafield><datafield ind1=" " ind2=" " tag="080"><subfield code="a">539.172.2:539.124(043)</subfield></datafield><datafield ind1="1" ind2=" " tag="100"><subfield code="a">Perez, Patrice</subfield></datafield><datafield ind1="1" ind2="0" tag="245"><subfield code="a">Etude de la production de paires e+e- et d'electrons directs en collisions proton-proton aux isr cu cern</subfield><subfield code="b">These</subfield><subfield code="c">Patrice perez</subfield></datafield><datafield ind1=" " ind2=" " tag="260"><subfield code="a">Paris</subfield><subfield code="b">Universite</subfield><subfield code="c">1981</subfield></datafield><datafield ind1=" " ind2=" " tag="300"><subfield code="a">66P.+PL.DIF</subfield></datafield><datafield ind1=" " ind2=" " tag="852"><subfield code="a">71040</subfield><subfield code="c">539.17</subfield></datafield><datafield ind1=" " ind2=" " tag="CAT"><subfield code="a">Sys</subfield><subfield code="c">20120621</subfield><subfield code="h">140225</subfield></datafield></record></collection>